@article{focalloss,
author = "Tsung-Yi,Lin and Priya,Groyal and Kaiming,He and Piotr,Dollar",
title = "Focal loss for dense object detection",
journal = "arXiv",
year = "2017"
}

@article{densecap,
author = "Justin,Johnson and Andrej,Karpathy and Fei-Fei,Li",
title = "Densecap: Fully convolutional Localization Networks for Dense Captioning ",
journal = "CVPR",
year = "2016"
}

@article{spatial,
author = "Max,Jaderberg and Karen,Simonyan and Andrew,Zisserman and Koray,Kavukcuoglu",
title = "Spatial Transformer Networks",
journal = "NIPS",
year = "2015"
}

@article{deepvisual,
author = "Andrej, Karpathy and Fei-Fei,Li",
title = "Deep visual-semantic alignments for generating image descriptions ",
journal = "CVPR",
year = "2015"
}
@article{rcnn,
author = "Ross Girshick",
title = "Fast R-CNN",
journal = "ICCV",
year = "2015"
}
@article{frcnn,
author = "Shaoqin,Ren and Kaiming,He and Ross,Girshick and Jian,Sun",
title = "Faster R-CNN: Towards real-time object detection with region proposal networks",
journal = "NIPS",
year = "2015"
}

@misc{cnn,
  author = {cs231},
  title = {Convolutional Neural Networks for Visual Recognition},
  howpublished = "\url{http://cs231n.github.io/convolutional-networks}"
}

@misc{cnn1,
  author = {LISA Lab},
  title = {Deep Learning Tutorials},
  howpublished = "\url{http://deeplearning.net/tutorial/}",
  year = "2017"
}

@misc{cnn2,
  author = {Yu-Shi, Zhang},
  title = {Convolutional Neural Networks},
  howpublished = "\url{http://blog.csdn.net/stdcoutzyx/article/details/41596663}",
  year = "2017"
}

@misc{rnn,
  author = {Youshua Bengio},
  title = {Recurrent Neural Network},
  year = "2017"
}

@misc{dec,
  author = {Justin,Johnson and Andrej,Karpathy },
  title = {Densecap},
  howpublished = "\url{https://github.com/jcjohnson/densecap}",
  year = "2016"
}

@misc{dataset,
  author = {University of Aberdeen},
  title = {data resources},
  howpublished = "\url{https://www.abdn.ac.uk/ncs/departments/computing-science/resources-482.php}",
  year = "2016"
}
@misc{webinterface,
  author = {Justin,Johnson and Andrej,Karpathy },
  title = {Web Interface on Github},
  howpublished = "\url{https://github.com/jcjohnson/densecap/tree/master/webcam}",
  year = "2016"
}

@article{vgg,
author = {Olga,Russakovsky and Jia,Deng and Hao,Suand and Jonathan, Krause and Andrej,Karpathy},
title = {ImageNet Large Scale Visual Recognition Challenge},
journal = {IJCV},
year = "2015"
}
@article{ob,
author = {Yann,LeCun and Leon,Bottou and Yoshua ,Bengio and Partrick ,Haffiner },
title = {Gradient-Based Learning Applied to Document Recognition},
journal = {IEEE},
year = "1998"
}
@article{rnn1,
author = {Junhua,Mao and Wei, Xu and Yi,Yang and Jiang, Wang and Alan,Yuille},
title = {Explain Images with Multimodal Recurrent Neural Networks},
journal = {arXiv},
year = "2014"
}

@misc{images,
  author = {Visual Genome Team},
  title = {The Visual Geonome Dataset},
  howpublished = "\url{http://visualgenome.org/api/v0/api_home.html}",
  year = "2016"
}

